@online{guiguestockhausen,

  author = {Guigue, Didier and Trajano de Lima, Ernesto},
  title = {{La répartition spectrale comme vecteur formel dans la Klavierstück n.11 de Stockhausen}},
  url = {http://www.musimediane.com/numero4/Guigue-Trajano/},
  urldate = {2015-03-30}
}

@article{adan2011abjad,
  title={Abjad Documentation},
  author={Adán, Víctor and Bača, Trevor},
  url = {http://abjad.mbrsi.org/},
  year={2011}
}
@article{laurson2009overview,
  title={{An overview of PWGL, a visual programming environment for music}},
  author={Laurson, Mikael and Kuuskankare, Mika and Norilo, Vesa},
  journal={Computer Music Journal},
  volume={33},
  number={1},
  pages={19--31},
  year={2009},
  publisher={MIT Press}
}
@article{taube1997introduction,
  title={{An Introduction to Common Music}},
  author={Taube, Heinrich},
  journal={Computer Music Journal},
  pages={29--34},
  year={1997},
  publisher={JSTOR}
}

@inproceedings{didkovsky2008maxscore,
  title={{MaxScore: Music notation in Max/MSP}},
  author={Didkovsky, Nick and Hajdu, Georg},
  booktitle={Proceedings of the International Computer Music Conference},
  pages={483--486},
  year={2008}
}


@article{agostini2012gestures,
  title={{Gestures, Events, and Symbols in the Bach Environment}},
  author={Agostini, Andrea and Ghisi, Daniele and de Vel{\'a}zquez, Composer-Casa},
  journal={Actes des Journ{\'e}es d’Informatique Musicale},
  pages={247--255},
  year={2012}
}



@article{bonardi2007patch,
  title={{Le patch comme document numérique: support de création et de constitution de connaissances pour les arts de la performance}},
  author={Bonardi, Alain and Barth{\'e}lemy, J{\'e}r{\^o}me},
  journal={CIDE’10 Proceedings},
  year={2007}
}

@inproceedings{fober2013programming,
  title={{Programming Interactive Music Scores with INScore}},
  author={Fober, Dominique and Letz, St{\'e}phane and Orlarey, Yann and Bevilacqua, Fr{\'e}d{\'e}ric},
  booktitle={Sound and Music Computing},
  pages={185--190},
  year={2013}
}

@inproceedings{bresson2011openmusic,
  title={{OpenMusic: visual programming environment for music composition, analysis and research}},
  author={Bresson, Jean and Agon, Carlos and Assayag, G{\'e}rard},
  booktitle={Proceedings of the 19th ACM international conference on Multimedia},
  pages={743--746},
  year={2011},
  organization={ACM}
}

@inproceedings{janin2013multi,
  title={{Multi-scale design of interactive music systems: the libTuiles experiment}},
  author={Janin, David and Berthaut, Florent and Desainte-Catherine, Myriam},
  booktitle={SMC 2013},
  pages={123--129},
  year={2013}
}

@inproceedings{allombert2007system,
  title={{A system of interactive scores based on Petri nets}},
  author={Allombert, Antoine and Assayag, G{\'e}rard and Desainte-Catherine, Myriam and others},
  booktitle={Proc. of the 4th Sound and Music Conference},
  pages={158--165},
  year={2007}
}
@phdthesis{mauricio2012structured,
	title={{Structured Interactive Scores}},
	author={Mauricio, Toro},
	year={2012},
	school={Universit{\'e} Sciences et Technologies-Bordeaux I}
}
@phdthesis{allombert2009aspects,
	title={{Aspects temporels d’un système de partitions musicales interactives pour la composition et l’interprétation}},
	author={Allombert, Antoine},
	year={2009},
	school={PhD thesis, Universit{\'e} de Bordeaux}
}
@article{allen1983maintaining,
	title={{Maintaining knowledge about temporal intervals}},
	author={Allen, James F},
	journal={Communications of the ACM},
	volume={26},
	number={11},
	pages={832--843},
	year={1983},
	publisher={ACM}
}


@inproceedings{allombert2006concurrent,
	title={{Concurrent constraints models for interactive scores}},
	author={Allombert, Antoine and Assayag, G{\'e}rard and Desainte-Catherine, Myriam and Rueda, Camilo and others},
	booktitle={Proc. of the 3rd Sound and Music Computing Conference},
	year={2006}
}


@inproceedings{hogue2014ossia,
	title={{OSSIA : Open Scenario System for Interactive Applications}},
	author={De la Hogue, Théo and Baltazar, Pascal and Desainte-Catherine, Myriam and Chao, Jaime and Bossut, Clément},
	organization={Journées de l'Informatique Musicale},
	year={2014}
}
@inproceedings{toro2010concurrent,
	title={{Concurrent constraints conditional-branching timed interactive scores}},
	author={Toro-Berm{\'u}dez, Mauricio and Desainte-Catherine, Myriam and others},
	booktitle={Sound and Music Computing conference. Barcelona, Spain},
	year={2010},
	organization={Citeseer}
}

@article{toro2010model,
	title={{A model for interactive scores with temporal constraints and conditional branching}},
	author={Toro, Mauricio and Desainte-Catherine, Myriam and Baltazar, Pascal and others},
	journal={Proc. of Journ{\'e}es d'Informatique musicale},
	pages={31--38},
	year={2010}
}
@inproceedings{arias2014modelling,
	title={{Modelling Data Processing for Interactive Scores Using Coloured Petri Nets}},
	author={Arias, J and Desainte-Catherine, M and Rueda, C},
	booktitle={Proceedings of the14th International Conference On Applications Of Concurrency To System Design (ACSD’14)},
	pages={186--195},
	year={2014}
}


@article{ariasexecuting,
	title={{Executing Hierarchical Interactive Scores in ReactiveML}},
	author={Arias, Jaime and Desainte-Catherine, Myriam and Salvati, Sylvain and Rueda, Camilo}
}

@inproceedings{arias2015exploiting,
	title={{Exploiting Parallelism in FPGAs for the Real-Time Interpretation of Interactive Multimedia Scores}},
	author={Arias, Jaime and Desainte-Catherine, Myriam and Rueda, Camilo},
	year={2015},
	organization={submitted to Journées de l'Informatique Musicale}
}

@inproceedings{Baltazar:2014-i-score,
	Abstract = {The i-score intermedia sequencer allows to design complex interactive scenarios by coordinating heterogeneous and distributed media systems. Based on software frameworks issued by several long-term research iniatives, this application does not produce any media of its own, but rather controls other environments’ parameters, by creating snapshots and automations, and organizing them in time in a multi-linear way.
In this article, we describe the main features of the software, in order to guide the workshop participants towards actual creation of interactive scenarios by controlling their favorite software environment. },
	Address = {Athens, Greece},
	Author = {Pascal Baltazar and Th{\'e}o de la Hogue and Myriam Desainte-Catherine},
	Booktitle = {Submitted to the joint ICMC/SMC conference},
	Title = {{i-score, an interactive sequencer for the intermedia arts}},
	Year = {2014}
	}

@inproceedings{Jamoma-JIM11,
	Address = {Saint-Etienne, France},
	Author = {De La Hogue, T. and Rabin, J. and Garnier, L.},
	Booktitle = {Proc. of the 17es Journ{\'e}es d'Informatique Musicale},
	Title = {{Jamoma Modular: une librairie C++ dediee au developpement d'applications modulaires pour la création}},
	Year = {2011}
	}
